<?xml version="1.0" encoding="UTF-8"?><collection xmlns="http://www.loc.gov/MARC21/slim"><record><leader>00393nam--2200109-i-4500</leader><controlfield tag="001">000021931</controlfield><controlfield tag="002">20161230</controlfield><controlfield tag="005">20161230201034</controlfield><controlfield tag="008">060222s1000------------r-----000-0-eng-d</controlfield><datafield ind1=" " ind2=" " tag="245"><subfield code="a">2-nd inter-american symposium on the peaceful application of nuclear energy.  buenos aires, 1959. radioisotopes ands radiation in the life science</subfield></datafield><datafield ind1=" " ind2=" " tag="260"><subfield code="a">Washington, Pan American Union, 1960, 264p</subfield></datafield><datafield ind1=" " ind2=" " tag="852"><subfield code="a">16334</subfield></datafield></record></collection>